@inproceedings{inproceedings,
author = {Adamu, Aminu and Shorgin, Vsevolod and Melnikov, Sergey and Gaidamaka, Yuliya},
year = {2020},
month = {09},
pages = {196-208},
title = {Flexible Random Early Detection Algorithm for Queue Management in Routers},
isbn = {978-3-030-66470-1},
doi = {10.1007/978-3-030-66471-8_16}
}